@online{w3c_wai,
author 		= {World Wide Web Consortium W3C},
title		= {Web Accessibility Initiative},
year		= {2005},
url			= {https://www.w3.org/WAI/intro/accessibility.php},

}

@online{w3c_wai_disabilites,
author 		= {World Wide Web Consortium},
title		= {Web Accessibility Initiative},
year		= {2005},
url			= {https://www.w3.org/WAI/intro/people-use-web/Overview.html},

}

@article{deaf_people,
title 		= {Optimizing web-accessibility for deaf people and the hearing impaired utilizing a sign language dictionary embedded in a browser},
author 		= {Søren Staal Jensen1 and Tina Øvad1},
journal		= {Cogn Tech Work},
pages		= {717-731},
volume		= {18},
year		= {2016},
}


@article{teste1,
author 		= {Nina Amenta and Sunghee Choi and Tamal K. Dey and N. Leekha},
title 		= {A Simple Algorithm for Homeomorphic Surface Reconstruction},
journal 	= {International Journal of Computational Geometry and Applications},
publisher = {World Scientific Publishing Co.},
volume 		= {12},
number 		= {1-2},
pages 		= {125-141},
year 			= {2002},
}

@article{teste2,
author 		= {Nina Amenta and Sunghee Choi and Tamal K. Dey and N. Leekha},
title 		= {A Simple Algorithm for Homeomorphic Surface Reconstruction},
journal 	= {International Journal of Computational Geometry and Applications},
publisher = {World Scientific Publishing Co.},
volume 		= {12},
number 		= {1-2},
pages 		= {125-141},
year 			= {2002},
}

@article{teste3,
author 		= {Nina Amenta and Sunghee Choi and Tamal K. Dey and N. Leekha},
title 		= {A Simple Algorithm for Homeomorphic Surface Reconstruction},
journal 	= {International Journal of Computational Geometry and Applications},
publisher = {World Scientific Publishing Co.},
volume 		= {12},
number 		= {1-2},
pages 		= {125-141},
year 			= {2002},
}

@article{temp1,
author 		= {},
title 		= {},
journal 	= {},
publisher = {},
volume 		= {},
number 		= {},
pages 		= {},
year 			= {},
}

@book{temp2,
author    = {},
title     = {},
edition   = {},
publisher = {},
year      = {}
}

@InBook{temp3,
author 		= {},
title 		= {},
booktitle	= {},
publisher	= {},
year 			= {},
chapter 	= {},
pages 		= {}
}

@inproceedings{temp4,
author    = {},
title     = {},
editor    = {},
booktitle = {},
publisher = {},
year      = {},
pages     = {}
}

@phdthesis{temp6,
author 		= {f},
title  		= {},
school 		= {},
year   		= {}
}

@mastersthesis{temp7,
author 		= {},
title  		= {},
school 		= {},
year   		= {}
}

@TechReport{temp8,
author 		= {},
title 		= {},
year 			= {}
}

@misc{temp9,
author 		= {},
title 		= {},
year 			= {},
url 			= {} 
}
